
@misc{
	docs,
	title="The Linux Kernel Documentation [Электронный ресурс]",
	howpublished="Режим доступа: \url{https://www.kernel.org/doc/html/latest/}, свободный (дата обращения: \today)"
}

@misc{
	src,
	title="Linux source code [Электронный ресурс]",
	howpublished="Режим доступа: \url{https://elixir.bootlin.com/linux/latest/source}, свободный (дата обращения: \today)"
}
